@Article{kunststoffe.de2024,
  author  = {kunststoffe.de},
  journal = {{\url{https://www.kunststoffe.de/a/grundlagenartikel/polylactid-pla-264462}}},
  title   = {Polylactid (PLA) | Biobasierter Industrieller Kunststoff},
  year    = {2024},
}

@Article{all3dp.com2023,
  author  = {all3dp.com},
  journal = {{\url{https://all3dp.com/de/1/3d-drucker-filament-vergleich-beste-arten/}}},
  title   = {3D-Drucker-Filament: Der ultimative Leitfaden 2023},
  year    = {2023},
}

@Article{Trumpf2024,
  author  = {Trumpf.com},
  journal = {{\url{https://www.trumpf.com/de_INT/loesungen/anwendungen/laserschneiden/}}},
  title   = {Laserschneiden als kontaktloses Trennverfahren},
  year    = {2024},
}

@Article{eval.at2024,
  author  = {eval.at},
  journal = {{\url{https://www.eval.at/de/lasersicherheit-in-der-ausbildung/1-grundlagen-zu-laser/15-lasertypen-und-anwendungen/}}},
  title   = {Lasertypen und Anwendungen},
  year    = {2024},
}

@Article{Bambulab.com2024,
  author  = {Bambulab.com},
  journal = {{\url{https://eu.store.bambulab.com/en-at/products/essential-pack}}},
  title   = {Bambulab Essential Pack},
  year    = {2024},
}

@Article{Strahlenschutz2024,
  author  = {Bundesamt f{\"u}r Strahlenschutz},
  journal = {{\url{https://www.bfs.de/DE/themen/opt/anwendung-alltag-technik/laser/schutz/schutz-laser.html}}},
  title   = {Schutzma{\ss}nahmen bei Laseranwendungen},
  year    = {2024},
}

@Article{eval.at2024a,
  author  = {eval.at},
  journal = {{\url{https://www.eval.at/de/lasersicherheit-in-der-ausbildung/1-grundlagen-zu-laser/16-laserklassen/}}},
  title   = {Laserklassen},
  year    = {2024},
}

@Article{H.Tschoeke2015,
  author  = {H.Tsch{\"o}ke},
  journal = {{\url{https://www.ingenieur-buch.de/media/blfa_files/9783658046439-Leseprobe.pdf}}},
  title   = {Die Elektrifizierung des Antriebsstrangs},
  year    = {2015},
}

@Article{Akin2011,
  author  = {Bilal Akin, Manish Bhardwaj, Jon Warriner},
  journal = {{\url{https://www.ti.com/lit/an/sprabz3/sprabz3.pdf?ts=1710762925039}}},
  title   = {Sensorless Trapezoidal Control of BLDC Motors},
  year    = {2011},
}

@Book{Fischer2017,
  author    = {Rolf Fischer},
  publisher = {Carl Hanser Verlag M{\"u}nchen},
  title     = {Elektrische Maschinen},
  year      = {2017},
}

@Article{schullv.de2024,
  author  = {schullv.de},
  journal = {{\url{https://www.schullv.de/physik/basiswissen/magnetisches_feld/lorentzkraft}}},
  title   = {Leiterschaukel},
  year    = {2024},
}

@Article{biancahoegel.de/2021,
  author  = {biancahoegel.de/},
  journal = {{\url{https://www.biancahoegel.de/physik/magnet/reluktanzkraft.html}}},
  title   = {Reluktanzkraft},
  year    = {2021},
}

@Article{Wikipedia2024,
  author  = {Wikipedia},
  journal = {{\url{https://de.wikipedia.org/wiki/Ossanna-Kreis#/media/Datei:Ossanna-kreis.svg}}},
  title   = {Ossanna Kreis},
  year    = {2024},
}

@Article{kfzaufgaben.de2024,
  author  = {kfz-aufgaben.de},
  journal = {{\url{https://kfz-aufgaben.de/hv/11b_asynchronmotor.htm}}},
  title   = {5.1.4 Drehstrom-Asynchronmotoren},
  year    = {2024},
}

@Article{wupperindustrie.de2024,
  author  = {wupperindustrie.de},
  journal = {{\url{http://www.wupperindustrie.de/strommotorbild1.html}}},
  title   = {Schleifringl{\"a}ufer},
  year    = {2024},
}

@Article{Pischtschan2024,
  author  = {Martin Pischtschan},
  journal = {{\url{https://bookdown.org/martin_pischtschan/skript_atrt1/gleichstrommotor.html}}},
  title   = {Skript Antriebsregelungstechnik},
  year    = {2024},
}

@Article{Rode2023,
  author  = {Shivani Rode, Faiz Khan},
  journal = {{\url{https://www.linkedin.com/pulse/bldc-vs-pmsm-motor-devise-engineering-services/}}},
  title   = {BLDC v/s PMSM Motor},
  year    = {2023},
}

@Article{zikodrive.com2024,
  author  = {zikodrive.com},
  journal = {{\url{https://zikodrive.com/de/ufaqs/rucken-emf-sensorlos-bursten-motoren-arbeit-arbeit-bursten-bork-kontrolle-i-need-einsatz/}}},
  title   = {Was genau ist die zur√ºck-EMF?},
  year    = {2024},
}

@Article{oswos.com2024,
  author  = {oswos.com},
  journal = {{\url{https://oswos.com/de/reluktanzmotor/}}},
  title   = {Reluktanzmotoren Typen und Funktion},
  year    = {2024},
}

@Article{JulinHorstkoetter2023,
  author  = {Julin Horstk{\"o}tter, Levin Baumeister},
  journal = {{\url{https://wiki.hshl.de/wiki/index.php/Hall-Sensor}}},
  title   = {Hall-Sensor},
  year    = {2023},
}

@Article{allaboutcircuits.com2024,
  author  = {allaboutcircuits.com},
  journal = {{\url{https://www.allaboutcircuits.com/technical-articles/sensorless-brushless-dc-bldc-motor-control/}}},
  title   = {All About BLDC Motor Control: Sensorless Brushless DC Motor Controllers},
  year    = {2024},
}

@Article{settech.com.tw2024,
  author  = {set-tech.com.tw},
  journal = {{\url{https://lh6.googleusercontent.com/proxy/hN7bbdgsXzG9JWNVRIBD47ikW9NjeQkGedJt3LOQFIKbXqOIq6FXLZ_84H9u3eeVOB51BlnPu1y6uda0AMd3xZNqpA8}}},
  title   = {BLDC Motor Control Master},
  year    = {2024},
}

@Article{MATLAB2020,
  author  = {MATLAB},
  journal = {{\url{https://www.youtube.com/watch?v=YPD1_rcXBIE}}},
  title   = {Motor Control, Part 4: Understanding Field-Oriented Control},
  year    = {2020},
}

@Article{Hein2020,
  author  = {Matt Hein},
  journal = {{\url{https://www.ti.com/lit/ml/slyp711/slyp711.pdf}}},
  title   = {Demystifying BLDC motor commutation:Trap, Sine, & FOC},
  year    = {2020},
}

@Article{MATLAB2021,
  author  = {MATLAB},
  journal = {{\url{https://www.youtube.com/watch?v=Gj7qAlsq_m8&t=280s}}},
  title   = {Understanding Space Vector Modulation| Brushless Motor Control with Simulink, Part 5},
  year    = {2021},
}

@Book{Fricke2007,
  author    = {Dr. J{\"u}rgen Fricke},
  publisher = {GRS Batterien},
  title     = {Die Welt der Batterien},
  year      = {2007},
}

@Comment{jabref-meta: databaseType:bibtex;}
